@techreport{feenberg-2024,
	author = {Feenberg, Joshn},
	month = {4},
	publisher = {Stealth},
	title = {{CAT report}},
	year = {2024},
}