@misc{craftco-no-date,
	author = {Craft.co},
	title = {{Energy Transfer Competitors and Similar Companies}},
	url = {https://craft.co/energy-transfer/competitors},
}

@misc{seeking-alpha-no-date,
	author = {Seeking Alpha},
	title = {{ET Energy Transfer LP Common Units - Peers & Competitors}},
	url = {https://seekingalpha.com/symbol/ET/peers/comparison?compare=ET,WMB,OKE,EPD,KMI,MPLX},
}

@misc{tracxn-technologies-limited-no-date,
	author = {Tracxn Technologies Limited},
	title = {{Energy Transfer competitors and alternatives}},
	url = {https://tracxn.com/d/companies/energy-transfer/__G812oJS9Mrq2vWoLl5CoqUND8TQJjJ3MyADDF6N-jWA/competitors},
}

@techreport{commonwealth-of-pennsylvania-department-of-environmental-protection-air-quality-program-2023,
	month = {1},
	number = {3480733},
	publisher = {Commonwealth of Pennsylvania Department of Environmental Protection Air Quality Program},
	title = {{INSPECTION REPORT}},
	year = {2023},
}

@techreport{energy-transfer-2024,
	author = {Energy Transfer},
	month = {2},
	publisher = {Energy Transfer},
	title = {{FORM 10-K - 2023}},
	year = {2024},
}

@misc{alpha-vantage-2024,
	author = {Alpha Vantage},
	publisher = {Alpha Vantage},
	title = {{Energy Transfer [Stock: ET] Quarterly earnings}},
	url = {https://www.alphavantage.com/},
}

@misc{yahoo-finance-2024,
	author = {Yahoo Finance},
	title = {{Energy Transfer (ET)}},
	year = {2024},
	url = {https://finance.yahoo.com/quote/BEN?.tsrc=fin-srch},
}