@techreport{franklin-resources-inc-2023,
	author = {Franklin Resources, Inc.},
	title = {{Franklin Resources, Inc. 2023 annual report}},
	year = {2023},
	url = {https://s201.q4cdn.com/562074409/files/doc_financials/2023/ar/Franklin-Resources-2023-Annual_10-K.pdf},
}

@misc{open-insider-no-date,
	author = {Open Insider},
	title = {{BEN - Franklin Resources Inc - SEC Form 4 Insider Trading Screener}},
	url = {http://openinsider.com/search?q=ben},
}

@misc{yahoo-finance-2024,
	author = {Yahoo Finance},
	title = {{Franklin Resources, Inc. (BEN)}},
	year = {2024},
	url = {https://finance.yahoo.com/quote/BEN?.tsrc=fin-srch},
}

@misc{tip-ranks-2024,
	author = {Tip Ranks},
	month = {4},
	title = {{Who owns Franklin Resources? BEN Stock Ownership}},
	year = {2024},
	url = {https://www.tipranks.com/stocks/ben/ownership},
}